@misc{noauthor_integumentary_nodate,
  title = {Integumentary System: What It Is, Function \& Organs},
  url = {https://my.clevelandclinic.org/health/body/22827-integumentary-system},
  urldate = {2025-06-11},
  journal = {Cleveland Clinic},
  language = {en},
  note = {Available at: \url{https://my.clevelandclinic.org/health/body/22827-integumentary-system}}
}

% This was online article - 2
@online{smith2016epidermis,
  author       = {Yolanda Smith},
  title        = {What Is the Epidermis?},
  year         = {2016},
  month        = {November 29},
  url          = {https://www.news-medical.net/health/What-is-the-Epidermis.aspx},
  note         = {Accessed: 2025-06-16},
  publisher    = {News-Medical}
}

% This was source article - 6 - called fibroblast
@misc{genome2025fibroblast,
  title        = {Fibroblast},
  year         = {2025},
  howpublished = {\url{https://www.genome.gov/genetics-glossary/Fibroblast}},
  note         = {Accessed 11 June 2025},
  author       = {{National Human Genome Research Institute}},
}

% This was book - 4 - for exam questions. 
@book{caon2020examination,
  author    = {Caon, Martin},
  title     = {Examination Questions and Answers in Basic Anatomy and Physiology: 2900 Multiple Choice Questions and 64 Essay Topics},
  publisher = {Springer International Publishing},
  year      = {2020},
  doi       = {10.1007/978-3-030-47314-3},
  url       = {https://doi.org/10.1007/978-3-030-47314-3}
}

% This was an online article - 3 
@online{healthline2018layers,
  author    = {{Healthline Editorial Team}},
  title     = {Layers of Skin: How Many, Diagram, Model, Anatomy, In Order},
  year      = {2018},
  month     = jan,
  day       = {5},
  url       = {https://www.healthline.com/health/layers-of-skin},
  note      = {Accessed 11 June 2025},
  publisher = {Healthline}
}

% This was an online article - 7 
@online{clevelandclinic2025collagen,
  author    = {{Cleveland Clinic}},
  title     = {Collagen: What It Is, Types, Function \& Benefits},
  year      = {2025},
  url       = {https://my.clevelandclinic.org/health/articles/23089-collagen},
  note      = {Accessed 11 June 2025},
  publisher = {Cleveland Clinic}
}

% This was an article - 8
@article{moon2021invitro,
  author    = {Moon, Sujin and others},
  title     = {In Vitro Models Mimicking Immune Response in the Skin},
  journal   = {Yonsei Medical Journal},
  volume    = {62},
  number    = {11},
  pages     = {969},
  year      = {2021},
  doi       = {10.3349/ymj.2021.62.11.969},
  url       = {https://doi.org/10.3349/ymj.2021.62.11.969}
}

% This was an online article - 9
@online{verywell2025hypodermis,
  author    = {{Verywell Health}},
  title     = {What the Hypodermis Layer of the Skin Does},
  year      = {2025},
  url       = {https://www.verywellhealth.com/the-hypodermis-is-the-lowermost-layer-of-skin-2710144},
  note      = {Accessed 11 June 2025},
  publisher = {Verywell Health}
}

% This was from the image for the sweat glands
@online{sweatglands_mayo,
  title = {Sweat Glands},
  author = {{Mayo Clinic}},
  year = {2025},
  url = {https://www.mayoclinic.org/diseases-conditions/hyperhidrosis/multimedia/sweat-glands/img-20007980},
  note = {Accessed 16 June 2025}
}
